<record><leader>00000cas a2200000 a 4500</leader><controlfield tag="001">44437619</controlfield><controlfield tag="008">000620c19uu9999vtuuu ne      0    0eng c</controlfield><datafield ind1=" " ind2=" " tag="010"><subfield code="a">sn 00063153 </subfield></datafield><datafield ind1=" " ind2=" " tag="040"><subfield code="a">NYS</subfield><subfield code="b">eng</subfield><subfield code="c">NYS</subfield><subfield code="d">OCLCQ</subfield><subfield code="d">OCLCF</subfield><subfield code="d">OCLCO</subfield></datafield><datafield ind1="1" ind2=" " tag="029"><subfield code="a">AU@</subfield><subfield code="b">000021636615</subfield></datafield><datafield ind1=" " ind2=" " tag="037"><subfield code="b">PO Box 183, Killington, VT 05751</subfield></datafield><datafield ind1=" " ind2=" " tag="042"><subfield code="a">pcc</subfield></datafield><datafield ind1=" " ind2=" " tag="043"><subfield code="a">n-us-vt</subfield></datafield><datafield ind1="0" ind2=" " tag="130"><subfield code="a">Mountain times (Killington, Vt.)</subfield></datafield><datafield ind1="1" ind2="4" tag="245"><subfield code="a">The mountain times.</subfield></datafield><datafield ind1=" " ind2=" " tag="260"><subfield code="a">Killington, Vt. :</subfield><subfield code="b">[s.n.]</subfield></datafield><datafield ind1=" " ind2=" " tag="300"><subfield code="a">v. :</subfield><subfield code="b">ill. ;</subfield><subfield code="c">43 cm.</subfield></datafield><datafield ind1=" " ind2=" " tag="500"><subfield code="a">"All you need to know about the Rutland-Killington-Pico Region."</subfield></datafield><datafield ind1=" " ind2=" " tag="588"><subfield code="a">Description based on: Vol. 24, no. 31 (Aug. 3, 1995).</subfield></datafield><datafield ind1=" " ind2="0" tag="651"><subfield code="a">Killington (Vt.)</subfield><subfield code="v">Newspapers.</subfield></datafield><datafield ind1=" " ind2="0" tag="651"><subfield code="a">Rutland County (Vt.)</subfield><subfield code="v">Newspapers.</subfield></datafield><datafield ind1=" " ind2="7" tag="655"><subfield code="a">Newspapers.</subfield><subfield code="2">fast</subfield><subfield code="0">(OCoLC)fst01423814</subfield></datafield><datafield ind1=" " ind2="7" tag="651"><subfield code="a">Vermont</subfield><subfield code="z">Killington.</subfield><subfield code="2">fast</subfield><subfield code="0">(OCoLC)fst01211781</subfield></datafield><datafield ind1=" " ind2="7" tag="651"><subfield code="a">Vermont</subfield><subfield code="z">Rutland County.</subfield><subfield code="2">fast</subfield><subfield code="0">(OCoLC)fst01211879</subfield></datafield><datafield ind1=" " ind2=" " tag="752"><subfield code="a">United States</subfield><subfield code="b">New York</subfield><subfield code="c">Rutland</subfield><subfield code="d">Killington.</subfield></datafield></record>